
@online{I2I,
  author={Pang, Yingxue and Lin, Jianxin and Qin, Tao and Chen, Zhibo},
  journal={IEEE Transactions on Multimedia}, 
  title={Image-to-Image Translation: Methods and Applications}, 
  year={2022},
  volume={24},
  number={},
  pages={3859-3881},
  keywords={Task analysis;Data models;Generative adversarial networks;Measurement;Generators;PSNR;Analytical models;Image-to-image translation;two-domain I2I;multi-domain I2I;supervised methods;unsupersived methods;semi-supervised methods;few-shot methods},
  doi={10.1109/TMM.2021.3109419}}

@misc{palette,
      title={Palette: Image-to-Image Diffusion Models}, 
      author={Chitwan Saharia and William Chan and Huiwen Chang and Chris A. Lee and Jonathan Ho and Tim Salimans and David J. Fleet and Mohammad Norouzi},
      year={2022},
      eprint={2111.05826},
      archivePrefix={arXiv},
      primaryClass={cs.CV}
}

@article{UNet+/seg-cGAN,
author = {He, Yunjie and Li, Jiasong and Shen, Steven and Liu, Kai and Wong, Kelvin and He, Tiancheng and Wong, Stephen},
year = {2022},
month = {02},
pages = {},
title = {Image-to-image Translation of Label-free Molecular Vibrational Images for Histopathological Review Using the UNet+/seg-cGAN Model},
volume = {13},
journal = {Biomedical Optics Express},
doi = {10.1364/BOE.445319}
}

@misc{medicalimage,
      title={Medical Image Synthesis with Context-Aware Generative Adversarial Networks}, 
      author={Dong Nie and Roger Trullo and Caroline Petitjean and Su Ruan and Dinggang Shen},
      year={2016},
      eprint={1612.05362},
      archivePrefix={arXiv},
      primaryClass={cs.CV}
}

@article{unpaired,
doi = {10.1088/1361-6560/acba74},
url = {https://dx.doi.org/10.1088/1361-6560/acba74},
year = {2023},
publisher = {IOP Publishing},
volume = {68},
number = {5},
pages = {05TR01},
author = {Junhua Chen and Shenlun Chen and Leonard Wee and Andre Dekker and Inigo Bermejo},
title = {Deep learning based unpaired image-to-image translation applications for medical physics: a systematic review},
journal = {Physics in Medicine and Biology},
}

@INPROCEEDINGS{CycleGAN,
  author={Rodrigues, N. S. and Torres, H. R. and Morais, P. and Buschle, L. R. and Haag, S. and Correia-Pinto, J. and Lima, E. and Vilaça, J. L.},
  booktitle={2023 45th Annual International Conference of the IEEE Engineering in Medicine and Biology Society (EMBC)}, 
  title={CycleGAN-Based Image to Image Translation for Realistic Surgical Training Phantoms}, 
  year={2023},
  volume={},
  number={},
  pages={1-4},
  keywords={Training;Measurement;Image quality;Instruments;Surgery;Phantoms;Mean square error methods},
  doi={10.1109/EMBC40787.2023.10340986}}

@article{cancer_imaging,
   title={Data synthesis and adversarial networks: A review and meta-analysis in cancer imaging},
   volume={84},
   ISSN={1361-8415},
   url={http://dx.doi.org/10.1016/j.media.2022.102704},
   DOI={10.1016/j.media.2022.102704},
   journal={Medical Image Analysis},
   publisher={Elsevier BV},
   author={Osuala, Richard and Kushibar, Kaisar and Garrucho, Lidia and Linardos, Akis and Szafranowska, Zuzanna and Klein, Stefan and Glocker, Ben and Diaz, Oliver and Lekadir, Karim},
   year={2023},
   month=feb, pages={102704} }

@article{MMNet,
author = {Zeng, Xianhua and Li, Biao and Wang, Xinyu},
year = {2023},
month = {06},
pages = {},
title = {MMNet: a medical image-to-image translation network based on manifold-value correction and manifold matching},
volume = {35},
journal = {Neural Computing and Applications},
doi = {10.1007/s00521-023-08685-9}
}

@article{medigan,
   title={medigan: a Python library of pretrained generative models for medical image synthesis},
   volume={10},
   ISSN={2329-4302},
   url={http://dx.doi.org/10.1117/1.JMI.10.6.061403},
   DOI={10.1117/1.jmi.10.6.061403},
   number={06},
   journal={Journal of Medical Imaging},
   publisher={SPIE-Intl Soc Optical Eng},
   author={Osuala, Richard and Skorupko, Grzegorz and Lazrak, Noussair and Garrucho, Lidia and García, Eloy and Joshi, Smriti and Jouide, Socayna and Rutherford, Michael and Prior, Fred and Kushibar, Kaisar and Díaz, Oliver and Lekadir, Karim},
   year={2023},
   month=feb }

@article{Gastrointestinal,
author = {Mohapatra, Subhashree and Pati, Girish and Mishra, Manohar and Swarnkar, Tripti},
year = {2022},
month = {08},
pages = {101942},
title = {Gastrointestinal abnormality detection and classification using empirical wavelet transform and deep convolutional neural network from endoscopic images},
volume = {14},
journal = {Ain Shams Engineering Journal},
doi = {10.1016/j.asej.2022.101942}
}

@article{comparative_study,
   title={Is image-to-image translation the panacea for multimodal image registration? A comparative study},
   volume={17},
   ISSN={1932-6203},
   url={http://dx.doi.org/10.1371/journal.pone.0276196},
   DOI={10.1371/journal.pone.0276196},
   number={11},
   journal={PLOS ONE},
   publisher={Public Library of Science (PLoS)},
   author={Lu, Jiahao and Öfverstedt, Johan and Lindblad, Joakim and Sladoje, Nataša},
   editor={Pham, Dzung},
   year={2022},
   month=nov, pages={e0276196} }

@article{HyperKvasir_Dataset,
  keywords = {Machine learning, GI, dataset},
  author = {Hanna Borgli and Vajira Thambawita and Pia Smedsrud and Steven Hicks and Debesh Jha and Sigrun Eskeland and Kristin Randel and Konstantin Pogorelov and Mathias Lux and Duc Nguyen and Dag Johansen and Carsten Griwodz and H{\r a}kon Stensland and Enrique Garcia-Ceja and Peter Schmidt and Hugo Hammer and Michael Riegler and P{\r a}l Halvorsen and Thomas de Lange},
  title = {HyperKvasir, a comprehensive multi-class image and video dataset for gastrointestinal endoscopy},
  year = {2020},
  journal = {Scientific Data},
  volume = {7},
  pages = {1-14},
  publisher = {Springer Nature},
  url = {http://www.nature.com/articles/s41597-020-00622-y},
  doi = {10.1038/s41597-020-00622-y}
}


@Article{diagnostics13223413,
AUTHOR = {Thunold, Håvard Horgen and Riegler, Michael A. and Yazidi, Anis and Hammer, Hugo L.},
TITLE = {A Deep Diagnostic Framework Using Explainable Artificial Intelligence and Clustering},
JOURNAL = {Diagnostics},
VOLUME = {13},
YEAR = {2023},
NUMBER = {22},
ARTICLE-NUMBER = {3413},
URL = {https://www.mdpi.com/2075-4418/13/22/3413},
PubMedID = {37998548},
ISSN = {2075-4418},
DOI = {10.3390/diagnostics13223413}
}

@INPROCEEDINGS{application,
  author={Coscia, Pasquale and Genovese, Angelo and Scotti, Fabio and Piuri, Vincenzo},
  booktitle={2023 24th International Conference on Digital Signal Processing (DSP)}, 
  title={Applications and Limits of Image-to-Image Translation Models}, 
  year={2023},
  volume={},
  number={},
  pages={1-5},
  keywords={Training;Performance evaluation;Adaptation models;Computational modeling;Digital signal processing;Optical imaging;Probability distribution;Image-to-image translation;GAN;cyclic loss},
  doi={10.1109/DSP58604.2023.10167879}}

@article{Machine_Learning,
author = {Behera, Rabi and Das, Kajaree},
year = {2017},
month = {02},
pages = {},
title = {A Survey on Machine Learning: Concept, Algorithms and Applications},
volume = {2},
journal = {International Journal of Innovative Research in Computer and Communication Engineering}
}

@misc{DiffI2I,
      title={DiffI2I: Efficient Diffusion Model for Image-to-Image Translation}, 
      author={Bin Xia and Yulun Zhang and Shiyin Wang and Yitong Wang and Xinglong Wu and Yapeng Tian and Wenming Yang and Radu Timotfe and Luc Van Gool},
      year={2023},
      eprint={2308.13767},
      archivePrefix={arXiv},
      primaryClass={cs.CV}
}

@misc{PyTorch_horse2zebra,
  author = {Kiyohiro, Takumi},
  title = {PyTorch Implementation of Unpaired Image-To-Image Translation},
  howpublished = {\url{https://github.com/kiyohiro8/pytorch-unpaired-image-to-image-translation}},
  year = {2020}
}

@misc{pytorch_hyperkvasir,
  author = {Türkmen, Furkan},
  title = {Apply Generative Adversarial Networks (GANs) with PyTorch},
  howpublished = {\url{https://tinyurl.com/3tr2j6w5}},
  year = {2021}
}

@misc{github_general,
  author = {Patel, Manan},
  title = {Unpaired Image-To-Image Translation using CycleGAN},
  howpublished = {\url{https://github.com/Mananp96/Unpaired-Image-To-Image-Translation-CycleGAN}},
  year = {2019}
}

@misc{unpaired_horse2zebra_cyclgan,
      title={Unpaired Image-to-Image Translation using Cycle-Consistent Adversarial Networks}, 
      author={Jun-Yan Zhu and Taesung Park and Phillip Isola and Alexei A. Efros},
      year={2020},
      eprint={1703.10593},
      archivePrefix={arXiv},
      primaryClass={cs.CV}
}

@misc{kaggle_horse2zebra_dataset,
  title = {Horse-to-Zebra Dataset},
  author = {Balraj98},
  howpublished = {\url{https://www.kaggle.com/datasets/balraj98/horse2zebra-dataset}},
  year = {2024} 
}

@proceedings{10.1007/978-3-031-45673-2,
title = {Machine Learning in Medical Imaging: 14th International Workshop, MLMI 2023, Held in Conjunction with MICCAI 2023, Vancouver, BC, Canada, October 8, 2023, Proceedings, Part I},
year = {2023},
isbn = {978-3-031-45672-5},
publisher = {Springer-Verlag},
address = {Berlin, Heidelberg},
location = {Vancouver, BC, Canada}
}
@article{Shad_2021,
   title={Designing clinically translatable artificial intelligence systems for high-dimensional medical imaging},
   volume={3},
   ISSN={2522-5839},
   url={http://dx.doi.org/10.1038/s42256-021-00399-8},
   DOI={10.1038/s42256-021-00399-8},
   number={11},
   journal={Nature Machine Intelligence},
   publisher={Springer Science and Business Media LLC},
   author={Shad, Rohan and Cunningham, John P. and Ashley, Euan A. and Langlotz, Curtis P. and Hiesinger, William},
   year={2021},
   month=nov, pages={929–935} }

@article{SHAO2022118221,
title = {Tracing the evolution of AI in the past decade and forecasting the emerging trends},
journal = {Expert Systems with Applications},
volume = {209},
pages = {118221},
year = {2022},
issn = {0957-4174},
doi = {https://doi.org/10.1016/j.eswa.2022.118221},
url = {https://www.sciencedirect.com/science/article/pii/S0957417422013732},
author = {Zhou Shao and Ruoyan Zhao and Sha Yuan and Ming Ding and Yongli Wang},
}
@article{RASHIDI20192374289519873088,
title = {Artificial Intelligence and Machine Learning in Pathology: The Present Landscape of Supervised Methods},
journal = {Academic Pathology},
volume = {6},
pages = {2374289519873088},
year = {2019},
issn = {2374-2895},
doi = {https://doi.org/10.1177/2374289519873088},
url = {https://www.sciencedirect.com/science/article/pii/S2374289521001573},
author = {Hooman H. Rashidi and Nam K. Tran and Elham Vali Betts and Lydia P. Howell and Ralph Green},
}
@article{MUMUNI2022100258,
title = {Data augmentation: A comprehensive survey of modern approaches},
journal = {Array},
volume = {16},
pages = {100258},
year = {2022},
issn = {2590-0056},
doi = {https://doi.org/10.1016/j.array.2022.100258},
url = {https://www.sciencedirect.com/science/article/pii/S2590005622000911},
author = {Alhassan Mumuni and Fuseini Mumuni},
}
@misc{evaluation,
      title={Generative Adversarial Networks (GANs): An Overview of Theoretical Model, Evaluation Metrics, and Recent Developments}, 
      author={Pegah Salehi and Abdolah Chalechale and Maryam Taghizadeh},
      year={2020},
      eprint={2005.13178},
      archivePrefix={arXiv},
      primaryClass={cs.CV}
}

@Article{app14020496,
AUTHOR = {Tursunalieva, Ainura and Alexander, David L. J. and Dunne, Rob and Li, Jiaming and Riera, Luis and Zhao, Yanchang},
TITLE = {Making Sense of Machine Learning: A Review of Interpretation Techniques and Their Applications},
JOURNAL = {Applied Sciences},
VOLUME = {14},
YEAR = {2024},
NUMBER = {2},
ARTICLE-NUMBER = {496},
URL = {https://www.mdpi.com/2076-3417/14/2/496},
ISSN = {2076-3417},
DOI = {10.3390/app14020496}
}
@article{Mosqueira,
author = {Mosqueira-Rey, Eduardo and Hernández-Pereira, Elena and Alonso-Ríos, David and Bobes-Bascarán, José and Fernández-Leal, Ángel},
year = {2022},
month = {08},
pages = {},
title = {Human-in-the-loop machine learning: a state of the art},
volume = {56},
journal = {Artificial Intelligence Review},
doi = {10.1007/s10462-022-10246-w}
}
@article{CNN,
  title={Review of deep learning: concepts, CNN architectures, challenges, applications, future directions},
  author={Laith Alzubaidi and Jinglan Zhang and Amjad J. Humaidi and Ayad Al-dujaili and Ye Duan and Omran Al-Shamma and Jos{\'e} I. Santamar{\'i}a and Mohammed Abdulraheem Fadhel and Muthana Al-Amidie and Laith Farhan},
  journal={Journal of Big Data},
  year={2021},
  volume={8},
  url={https://api.semanticscholar.org/CorpusID:232434552}
}
@article{deep_CNN,
   title={A survey of the recent architectures of deep convolutional neural networks},
   volume={53},
   ISSN={1573-7462},
   url={http://dx.doi.org/10.1007/s10462-020-09825-6},
   DOI={10.1007/s10462-020-09825-6},
   number={8},
   journal={Artificial Intelligence Review},
   publisher={Springer Science and Business Media LLC},
   author={Khan, Asifullah and Sohail, Anabia and Zahoora, Umme and Qureshi, Aqsa Saeed},
   year={2020},
   month=apr, pages={5455–5516} }

@ARTICLE{GAN,
  author={Islam, Showrov and Aziz, Md. Tarek and Nabil, Hadiur Rahman and Jim, Jamin Rahman and Mridha, M. F. and Kabir, Md. Mohsin and Asai, Nobuyoshi and Shin, Jungpil},
  journal={IEEE Access}, 
  title={Generative Adversarial Networks (GANs) in Medical Imaging: Advancements, Applications, and Challenges}, 
  year={2024},
  volume={12},
  number={},
  pages={35728-35753},
  doi={10.1109/ACCESS.2024.3370848}}

@misc{parmar2024onestep,
      title={One-Step Image Translation with Text-to-Image Models}, 
      author={Gaurav Parmar and Taesung Park and Srinivasa Narasimhan and Jun-Yan Zhu},
      year={2024},
      eprint={2403.12036},
      archivePrefix={arXiv},
      primaryClass={cs.CV}
}
@misc{syngan,
      title={Image Synthesis under Limited Data: A Survey and Taxonomy}, 
      author={Mengping Yang and Zhe Wang},
      year={2023},
      eprint={2307.16879},
      archivePrefix={arXiv},
      primaryClass={cs.CV}
}
@misc{FID,
      title={An empirical study on evaluation metrics of generative adversarial networks}, 
      author={Qiantong Xu and Gao Huang and Yang Yuan and Chuan Guo and Yu Sun and Felix Wu and Kilian Weinberger},
      year={2018},
      eprint={1806.07755},
      archivePrefix={arXiv},
      primaryClass={cs.LG}
}
@ARTICLE{6193206,
  author={Rehman, Abdul and Wang, Zhou},
  journal={IEEE Transactions on Image Processing}, 
  title={Reduced-Reference Image Quality Assessment by Structural Similarity Estimation}, 
  year={2012},
  volume={21},
  number={8},
  pages={3378-3389},
  doi={10.1109/TIP.2012.2197011}}

@INPROCEEDINGS{8784681,
  author={Zheng, Xiangtian and Wang, Bin and Xie, Le},
  booktitle={2019 International Conference on Smart Grid Synchronized Measurements and Analytics (SGSMA)}, 
  title={Synthetic Dynamic PMU Data Generation: A Generative Adversarial Network Approach}, 
  year={2019},
  volume={},
  number={},
  pages={1-6},
  doi={10.1109/SGSMA.2019.8784681}}

@Article{electronics10212689,
AUTHOR = {Abdolrasol, Maher G. M. and Hussain, S. M. Suhail and Ustun, Taha Selim and Sarker, Mahidur R. and Hannan, Mahammad A. and Mohamed, Ramizi and Ali, Jamal Abd and Mekhilef, Saad and Milad, Abdalrhman},
TITLE = {Artificial Neural Networks Based Optimization Techniques: A Review},
JOURNAL = {Electronics},
VOLUME = {10},
YEAR = {2021},
NUMBER = {21},
ARTICLE-NUMBER = {2689},
URL = {https://www.mdpi.com/2079-9292/10/21/2689},
ISSN = {2079-9292},
DOI = {10.3390/electronics10212689}
}
@InProceedings{Kundu_2019_ICCV,
author = {Kundu, Jogendra Nath and Gor, Maharshi and Agrawal, Dakshit and Babu, R. Venkatesh},
title = {GAN-Tree: An Incrementally Learned Hierarchical Generative Framework for Multi-Modal Data Distributions},
booktitle = {Proceedings of the IEEE/CVF International Conference on Computer Vision (ICCV)},
year = {2019}
}
@article{Chakraborty_2024,
doi = {10.1088/2632-2153/ad1f77},
url = {https://dx.doi.org/10.1088/2632-2153/ad1f77},
year = {2024},
publisher = {IOP Publishing},
volume = {5},
number = {1},
pages = {011001},
author = {Tanujit Chakraborty and Ujjwal Reddy K S and Shraddha M Naik and Madhurima Panja and Bayapureddy Manvitha},
title = {Ten years of generative adversarial nets (GANs): a survey of the state-of-the-art},
journal = {Machine Learning: Science and Technology},
}
@misc{pix2pix,
      title={Image-to-Image Translation with Conditional Adversarial Networks}, 
      author={Phillip Isola and Jun-Yan Zhu and Tinghui Zhou and Alexei A. Efros},
      year={2018},
      eprint={1611.07004},
      archivePrefix={arXiv},
      primaryClass={cs.CV}
}
@Article{Glaucoma_Detection,
author="Saeed, Ali Q
and Sheikh Abdullah, Siti Norul Huda
and Che-Hamzah, Jemaima
and Abdul Ghani, Ahmad Tarmizi",
title="Accuracy of Using Generative Adversarial Networks for Glaucoma Detection: Systematic Review and Bibliometric Analysis",
journal="J Med Internet Res",
year="2021",
day="21",
volume="23",
number="9",
pages="e27414",
keywords="glaucoma; generative adversarial network; deep learning; systematic literature review; retinal disease; blood vessels; optic disc",
issn="1438-8871",
doi="10.2196/27414",
url="https://www.jmir.org/2021/9/e27414",
url="https://doi.org/10.2196/27414",
url="http://www.ncbi.nlm.nih.gov/pubmed/34236992"
}
@article{ZUNAIR2021104699,
title = {Sharp U-Net: Depthwise convolutional network for biomedical image segmentation},
journal = {Computers in Biology and Medicine},
volume = {136},
pages = {104699},
year = {2021},
issn = {0010-4825},
doi = {https://doi.org/10.1016/j.compbiomed.2021.104699},
url = {https://www.sciencedirect.com/science/article/pii/S0010482521004935},
author = {Hasib Zunair and A. {Ben Hamza}},
keywords = {Sharpening filter, Semantic segmentation, Fully convolutional network, U-Net, Skip connections},
}
@INPROCEEDINGS{ResNet,
  author={Patil, Omkar Sudhir and Le, Duc M. and Griffis, Emily J. and Dixon, Warren E.},
  booktitle={2022 IEEE 61st Conference on Decision and Control (CDC)}, 
  title={Deep Residual Neural Network (ResNet)-Based Adaptive Control: A Lyapunov-Based Approach}, 
  year={2022},
  volume={},
  number={},
  pages={3487-3492},
  keywords={Deep learning;Uncertainty;Neural networks;System identification;Nonlinear dynamical systems;Adaptive control;State estimation},
  doi={10.1109/CDC51059.2022.9992881}}
@misc{patch_gan,
      title={Patch-Based Image Inpainting with Generative Adversarial Networks}, 
      author={Ugur Demir and Gozde Unal},
      year={2018},
      eprint={1803.07422},
      archivePrefix={arXiv},
      primaryClass={cs.CV}
}
@ARTICLE{CaGAN,
  author={Huang, Zhiyuan and Chen, Zixiang and Zhang, Qiyang and Quan, Guotao and Ji, Min and Zhang, Chengjin and Yang, Yongfeng and Liu, Xin and Liang, Dong and Zheng, Hairong and Hu, Zhanli},
  journal={IEEE Transactions on Computational Imaging}, 
  title={CaGAN: A Cycle-Consistent Generative Adversarial Network With Attention for Low-Dose CT Imaging}, 
  year={2020},
  volume={6},
  number={},
  pages={1203-1218},
  doi={10.1109/TCI.2020.3012928}}

@article{satellite_image,
	author = {Lydia Abady and Mauro Barni and Andrea Garzelli and Benedetta Tondi},
	title = {Generation of synthetic generative adversarial network-based multispectral satellite images with improved sharpness},
	journal = {Journal of Applied Remote Sensing},
	year = {2024},
	volume = {18},
	number = {1},
	doi = {10.1117/1.jrs.18.014510},
	date = {2024-02-07},
	note = "\url{https://www.spiedigitallibrary.org/journals/journal-of-applied-remote-sensing/volume-18/issue-1/014510/Generation-of-synthetic-generative-adversarial-network-based-multispectral-satellite-images/10.1117/1.JRS.18.014510.pdf} ; \url{https://doi.org/10.1117/1.jrs.18.014510}",
	url = {https://lens.org/034-346-441-084-484}
}
@article{style_transfer,
author = {Wu, Jie and Duan, Jin and Yu, Jinqiang and Shi, Haodong and Li, Yingchao},
year = {2019},
month = {10},
pages = {012191},
title = {Research on image style transfer method based on Generative Adversarial Networks},
volume = {1314},
journal = {Journal of Physics: Conference Series},
doi = {10.1088/1742-6596/1314/1/012191}
}